<record><leader>00000cas a2200000 a 4500</leader><controlfield tag="001">31065525</controlfield><controlfield tag="008">940908d18811883maucr ne      0    0eng c</controlfield><datafield ind1=" " ind2=" " tag="010"><subfield code="a">sn 94055854 </subfield></datafield><datafield ind1=" " ind2=" " tag="040"><subfield code="a">MGN</subfield><subfield code="b">eng</subfield><subfield code="c">MGN</subfield><subfield code="d">NVF</subfield><subfield code="d">OCLCQ</subfield><subfield code="d">OCLCF</subfield><subfield code="d">OCLCO</subfield></datafield><datafield ind1="1" ind2=" " tag="029"><subfield code="a">AU@</subfield><subfield code="b">000011276788</subfield></datafield><datafield ind1=" " ind2=" " tag="042"><subfield code="a">pcc</subfield></datafield><datafield ind1=" " ind2=" " tag="043"><subfield code="a">n-us-ma</subfield></datafield><datafield ind1="0" ind2="4" tag="245"><subfield code="a">The Essex County statesman and Marblehead reporter.</subfield></datafield><datafield ind1=" " ind2=" " tag="260"><subfield code="a">Marblehead, Mass. :</subfield><subfield code="b">Chas. H. Litchman,</subfield><subfield code="c">1881-</subfield></datafield><datafield ind1=" " ind2=" " tag="300"><subfield code="a">v.</subfield></datafield><datafield ind1=" " ind2=" " tag="310"><subfield code="a">Semiweekly,</subfield><subfield code="b">May 21-&lt;Dec. 19, 1883&gt;</subfield></datafield><datafield ind1=" " ind2=" " tag="321"><subfield code="a">Weekly,</subfield><subfield code="b">1881-May 17, 1883</subfield></datafield><datafield ind1="0" ind2=" " tag="362"><subfield code="a">Vol. 1, no. 44 (Nov. 3, 1881)-</subfield></datafield><datafield ind1="1" ind2=" " tag="362"><subfield code="a">Ceased Dec. 22, 1883.</subfield></datafield><datafield ind1=" " ind2=" " tag="515"><subfield code="a">Issues for Jan. 5, 1882-&lt;Dec. 19, 1883&gt; called also whole no. 53-whole no. &lt;186&gt;.</subfield></datafield><datafield ind1=" " ind2=" " tag="580"><subfield code="a">Other eds.: Essex statesman (Marblehead, Mass. : Monday ed.), 1881-1882, and: American statesman (Marblehead, Mass.), 1882-1883.</subfield></datafield><datafield ind1=" " ind2="0" tag="651"><subfield code="a">Marblehead (Mass.)</subfield><subfield code="v">Newspapers.</subfield></datafield><datafield ind1=" " ind2="7" tag="655"><subfield code="a">Newspapers.</subfield><subfield code="2">fast</subfield><subfield code="0">(OCoLC)fst01423814</subfield></datafield><datafield ind1=" " ind2="7" tag="651"><subfield code="a">Massachusetts</subfield><subfield code="z">Marblehead.</subfield><subfield code="2">fast</subfield><subfield code="0">(OCoLC)fst01204467</subfield></datafield><datafield ind1=" " ind2=" " tag="752"><subfield code="a">United States</subfield><subfield code="b">Massachusetts</subfield><subfield code="c">Essex</subfield><subfield code="d">Marblehead.</subfield></datafield><datafield ind1="1" ind2=" " tag="775"><subfield code="t">Essex statesman (Marblehead, Mass. : Monday ed.)</subfield><subfield code="w">(DLC)sn 94055855</subfield></datafield><datafield ind1="1" ind2=" " tag="775"><subfield code="t">American statesman (Marblehead, Mass.)</subfield><subfield code="w">(DLC)sn 94055856</subfield><subfield code="w">(OCoLC)31066234</subfield></datafield><datafield ind1="0" ind2="0" tag="780"><subfield code="t">Essex statesman (Marblehead, Mass.)</subfield><subfield code="w">(DLC)sn 86071638</subfield></datafield><datafield ind1="0" ind2="0" tag="785"><subfield code="t">Essex County statesman</subfield><subfield code="w">(DLC)sn 93059350</subfield></datafield></record>